@techreport{A-TrainFactsheet2003,
  key={A-Train Factsheet},
  title={{Formation Flying: The Afternoon ``{A-Train}'' Satellite
Constellation}},
  type={FS-2003-1-053-GSFC},
  year={2003},
  institution={NASA},
  note={\url{http://aqua.nasa.gov/doc/pubs/A-Train\_Fact\_sheet.pdf}},
}

@article{OCO_NatureGeoscienceApr2006,
  author={Palmer, P.I.},
  title={{Failure to Launch}},
  journal={Nature Geoscience},
  publisher={Nature Publishing Group},
  year={2009},
  volume={2},
  number={4},
  pages={247},
}

@manual{CloudSatHandbook2008,
  key={CloudSat Standard Data Products Handbook},
  title={{CloudSat Standard Data Products Handbook}},
  year={2008},
  institution={Cooperative Institutes for Research in the Atmosphere, Colorado State University, Fort Collins, CO, USA},
  note={\url{http://www.cloudsat.cira.colostate.edu/cloudsat\_documentation/CloudSat\_Data\_Users\_Handbook.pdf}},
}

@manual{1B-CPR_PDICD,
  key={1B-CPR\_PDICD},
  title={{Level 1 B CPR Process Description and Interface Control Document}},
  institution={NASA Jet Propulsion Laboratory, Pasadena, CA},
  year={2007},
  note={\url{http://www.cloudsat.cira.colostate.edu/ICD/1B-CPR/1B-CPR\_PDICD\_5.3.pdf}},
}

@manual{2B-GEOPROF_PDICD,
  key={2B-GEOPROF\_PDICD},
  title={{Level 2 GEOPROF Product Process Description and Interface Control Document}},
  institution={NASA Jet Propulsion Laboratory, Pasadena, CA},
  year={2007},
  note={\url{http://www.cloudsat.cira.colostate.edu/ICD/2B-GEOPROF/2B-GEOPROF\_PDICD\_5.3.doc}},
}

@techreport{CALIPSO_CloudSat_GRACE_ScienceWritersGuide2005,
  key={CALIPSO, CloudSat, GRACE Science Writer's Guide},
  author={Gutro, R. and others},
  title={{CALIPSO, CloudSat, GRACE Science Writer's Guide}},
  year={2005},
  institution={NASA},
  note={\url{http://www.nasa.gov/pdf/135705main\_ScienceWriterGuideFinal10-11-05.pdf}},
}

@manual{CALIPSO_Catalog2007,
  key={CALIPSO Data Products Catalog},
  title={{CALIPSO Data Products Catalog}},
  _author={Anselmo, T. and Clifton, R. and others},
  year={2007},
  institution={NASA LaRC, Hampton, Virginia},
  note={\url{http://www-calipso.larc.nasa.gov/products/CALIPSO\_DPC\_Rev2x4.pdf}},
}

@manual{PC-SCI-201,
  key={PC-SCI-201},
  title={{CALIOP Algorithm Theoretical Basis Document, Calibration and Level 1 Data Products}},
  year={2006},
  institution={NASA LaRC, Hampton, Virginia},
  note={\url{http://www-calipso.larc.nasa.gov/resources/pdfs/PC-SCI-201v1.0.pdf}},
}

@manual{PC-SCI-202.01,
  key={PC-SCI-202.01},
  title={{CALIOP Algorithm Theoretical Basis Document, Part 1: CALIOP Instrument, and Algorithms Overview}},
  year={2006},
  institution={NASA LaRC, Hampton, Virginia},
  note={\url{http://www-calipso.larc.nasa.gov/resources/pdfs/PC-SCI-202.Part1\_v2-Overview.pdf}},
}

@manual{PC-SCI-202.02,
  key={PC-SCI-202.02},
  title={{CALIOP Algorithm Theoretical Basis Document, Part 2: Feature Detection and Layer Properties Algorithms}},
  year={2005},
  institution={NASA LaRC, Hampton, Virginia},
  note={\url{http://www-calipso.larc.nasa.gov/resources/pdfs/PC-SCI-202\_Part2\_rev1x01.pdf}},
}

@manual{PC-SCI-202.03,
  key={PC-SCI-202.03},
  title={{CALIOP Algorithm Theoretical Basis Document, Part 3: Scene Classification Algorithms}},
  year={2005},
  institution={NASA LaRC, Hampton, Virginia},
  note={\url{http://www-calipso.larc.nasa.gov/resources/pdfs/PC-SCI-202\_Part2\_rev1x01.pdf}},
}

@article{Stephens2002,
  title={{The CloudSat mission and the A-Train}},
  author={Stephens, G.L. and Vane, D.G. and Boain, R.J. and Mace, G.G. and
Sassen, K. and Wang, Z. and Illingworth, A.J. and O'Connor, E.J. and Rossow,
W.B. and Durden, S.L. and others},
  journal={Bulletin of the American Meteorological Society},
  volume={83},
  number={12},
  pages={1771--1790},
  year={2002},
  publisher={American Meteorological Society},
}

@article{Parkinson2003,
  title={{Aqua: An Earth-observing satellite mission to examine water and other
climate variables}},
  author={Parkinson, CL},
  journal={IEEE Transactions on Geoscience and Remote Sensing},
  volume={41},
  number={2},
  pages={173--183},
  year={2003},
  publisher={Institute of Electrical and Electronics Engineers, Inc, 445 Hoes
Ln, Piscataway, NJ, 08854-1331, UK},
}

@techreport{ScienceWritersGuideToAqua2002,
  key={Science Writers' Guide to Aqua},
  author={Gutro, R. and Ramanujan, K. and Closs, J.},
  title={{Science Writers' Guide to Aqua}},
  year={2002},
  institution={NASA},
  note={\url{http://eospso.gsfc.nasa.gov/ftp_docs/Aqua\_Sci\_Writer%27s\_Guide.pdf}},
}

@techreport{AquaBrochure2002,
  key={{Aqua Brochure}},
  author={Parkinson, C.L.},
  title={Aqua Brochure},
  year={2002},
  institution={NASA},
  note={\url{http://www.nasa.gov/pdf/151986main\_Aqua\_brochure.pdf}},
}

@article{Xiong2006,
  title={{An overview of MODIS radiometric calibration and characterization}},
  author={Xiong, X. and Barnes, W.},
  journal={Advances in Atmospheric Sciences},
  volume={23},
  number={1},
  pages={69--79},
  year={2006},
  publisher={Springer},
}

@manual{MODIS_Level1B_ProductUsersGuide2009,
  key={MODIS Level 1B Product User’s Guide},
  title={{MODIS Level 1B Product User’s Guide}},
  _author={Toller, G.N. and Isaacmanand, A. and Kuyper, J. and Geng, X.},
  institution={NASA/Gooddard Space Flight Center, Greenbelt, MD 20771},
  year={2009},
  note={\url{http://www.mcst.ssai.biz/mcstweb/documents/M1054_RevC_PUG_022709_Update.pdf}},
}

@book{EOS_DataProductsHandbook2004,
  key={EOS Data Products Handbook},
  title={{EOS Data Products Handbook}},
  author={King, M. and Closs, J. and Spangler, S. and
Greenstone, R. and Wharton, S.},
  year={2004},
  volume={1},
  publisher={NASA Goddard Space Flight Center, Greenbelt, Maryland},
  month={January},
  note={\url{http://eospso.gsfc.nasa.gov/ftp\_docs/data\_products\_1.pdf}},
}

@misc{NASA_A-TrainOverview,
  key={NASA website, NASA - A-Train},
  title={{NASA - A-Train}},
howpublished={\url{http://www.nasa.gov/mission\_pages/cloudsat/multimedia/a-train.html}},
}

@article{TheEarthObserverJun2006,
  author={King, M.},
  title={{Editor’s Corner}},
  journal={The Earth Observer},
  year={2006},
  month={June},
  volume={18},
  number={3},
  page={1--3},
  note={\url{http://eospso.gsfc.nasa.gov/eos\_observ/pdf/May-Jun06.pdf}},
}

@manual{HDF_EOS_UsersGuideVol1_2009,
  key={HDF-EOS Library User's Guide Volume 1: Overview and Examples},
  title={{HDF-EOS Library User's Guide Volume 1: Overview and Examples}},
  year={2009},
  month={July},
  institution={Raytheon Information Solution, 5700 Rivertech Court, Riverdale, MD 20737},
  note={\url{http://edhs1.gsfc.nasa.gov/waisdata/eeb/html/170eeb001.html}},
}

@manual{HDF_42r4UsersGuide2009,
  key={HDF 4.2r4 User's Guide},
  title={{HDF 4.2r4 User's Guide}},
  year={2009},
  month={June},
  institution={The HDF Group, 1901 South First Street, Suite C-2, Champaign, IL 61801, USA},
  note={\url{ftp://ftp.hdfgroup.org/HDF/Documentation/HDF4.2r4/HDF42r4_UserGd.pdf}},
}

@book{WallaceHobbs2006,
  title={Atmospheric Science: An Introductory Survey, Second Edition},
  author={Wallace, J.M. and Hobbs, P.V.},
  year={2006},
  publisher={Academic Press},
  isbn={978-0-12-732951-2}
}

@article{She2001,
  title={Spectral structure of laser light scattering revisited: bandwidths of nonresonant scattering lidars},
  author={She, C.Y.},
  journal={Applied Optics},
  volume={40},
  number={27},
  year={2001},
  publisher={OSA OPTICAL SOCIETY OF AMERICA},
  note={\url{http://lamar.colostate.edu/~lidar/Publications/she_spectral-structure_2001.pdf}},
}

@book{Houghton2002,
  title={The Physics of Atmospheres},
  author={Houghton, J.T.},
  year={2002},
  publisher={Cambridge University Press},
  isbn={0-521-01122-1}
}

@article{Li2001,
  title={Retrieval of atmospheric attenuation using combined ground-based and airborne 95-GHz cloud radar measurements},
  author={Li, L. and Sekelsky, S.M. and Reising, S.C. and Swift, C.T. and Durden, S.L. and Sadowy, G.A. and Dinardo, S.J. and Li, F.K. and Huffman, A. and Stephens, G. and others},
  journal={Journal of atmospheric and oceanic technology},
  volume={18},
  number={8},
  year={2001},
  publisher={American Meteorological Society},
}

@conference{Winker2004,
  title={Status and performance of the CALIOP lidar},
  author={Winker, D.M. and Hunt, W.H. and Hostetler, C.A.},
  booktitle={Proc. SPIE},
  volume={5575},
  year={2004}
}

@misc{CALIPSO_QualityStatements,
  key={CALIPSO Quality Statements},
  title={{CALIPSO Quality Statements}},
  month={February},
  year={2010},
  howpublished={\url{http://eosweb.larc.nasa.gov/PRODOCS/calipso/Quality\_Summaries/}},
}

@misc{CALIPSO_QualityStatementsLidarLevel2CloudAndAerosolProfileProducts,
  key={CALIPSO Quality Statements: Lidar Level 2 Cloud and Aerosol Profile Products},
  title={{CALIPSO Quality Statements: Lidar Level 2 Cloud and Aerosol Profile Products}},
  month={July},
  year={2009},
  howpublished={\url{http://eosweb.larc.nasa.gov/PRODOCS/calipso/Quality_Summaries/CALIOP_L2LayerProducts_2.01.html}},
}

@conference{vaughana2004,
  title={Fully automated analysis of space-based lidar data: an overview of the CALIPSO retrieval algorithms and data products},
  author={Vaughana, M. and Youngb, S. and Winkerc, D. and Powella, K. and Omarc, A. and Liud, Z. and Huc, Y. and Hostetlerc, C.},
  booktitle={Proc. of SPIE Vol},
  volume={5575},
  pages={16--30},
  year={2004},
}

@misc{MODIS_Specifications,
  key={MODIS Specifications},
  title={{MODIS Specifications}},
  month={June},
  year={2010},
  howpublished={\url{http://modis.gsfc.nasa.gov/about/specifications.php}, retrieved on 11 June 2010},
}